%% This BibTeX bibliography file was created using BibDesk.
%% https://bibdesk.sourceforge.io/

%% Created for Jerrod Smith at 2020-07-02 14:39:34 -0600 


%% Saved with string encoding Unicode (UTF-8) 



@article{Selden_2003,
	Author = {Selden, Annie and Selden, John},
	Date-Added = {2020-07-02 14:37:36 -0600},
	Date-Modified = {2020-07-02 14:39:26 -0600},
	Journal = {Journal for Research in Mathematics Education},
	Number = {1},
	Pages = {4--36},
	Title = {Validations of Proofs Considered as Texts: Can Undergraduates Tell Whether an Argument Proves a Theorem?},
	Url = {http://www.jstor.org/stable/30034698},
	Volume = {34},
	Year = {2003}}

@book{lang2016,
	Author = {Lang, James M.},
	Date-Added = {2019-09-15 15:04:23 -0600},
	Date-Modified = {2019-09-15 15:04:23 -0600},
	Publisher = {Jossey-Bas},
	Title = {Small Teaching: Everyday Lessons from the Science of Learning},
	Year = {2016}}

@article{freeman2014,
	Author = {Freeman, Scott and Eddy, Sarah L. and McDonough, Miles and Smith, Michelle K. and Okoroafor, Nnadozie and Jordt, Hannah and Wenderoth, Mary Pat},
	Date-Added = {2019-09-15 14:43:51 -0600},
	Date-Modified = {2019-09-15 14:43:51 -0600},
	Doi = {10.1073/pnas.1319030111},
	Eprint = {http://www.pnas.org/content/111/23/8410.full.pdf},
	Journal = {Proceedings of the National Academy of Sciences},
	Number = {23},
	Pages = {8410-8415},
	Title = {Active learning increases student performance in science, engineering, and mathematics},
	Url = {http://www.pnas.org/content/111/23/8410.abstract},
	Volume = {111},
	Year = {2014},
	Bdsk-Url-1 = {http://www.pnas.org/content/111/23/8410.abstract},
	Bdsk-Url-2 = {https://doi.org/10.1073/pnas.1319030111}}

@article{prince2004,
	Author = {Prince, Michael},
	Date-Added = {2019-09-15 14:43:51 -0600},
	Date-Modified = {2019-09-15 14:43:51 -0600},
	Doi = {10.1002/j.2168-9830.2004.tb00809.x},
	Issn = {2168-9830},
	Journal = {Journal of Engineering Education},
	Keywords = {active, collaborative, cooperative, problem-based learning},
	Number = {3},
	Pages = {223--231},
	Publisher = {Blackwell Publishing Ltd},
	Title = {Does Active Learning Work? A Review of the Research},
	Url = {http://dx.doi.org/10.1002/j.2168-9830.2004.tb00809.x},
	Volume = {93},
	Year = {2004},
	Bdsk-Url-1 = {http://dx.doi.org/10.1002/j.2168-9830.2004.tb00809.x}}

@article{Carreon_2017,
	Author = {Carreon, Fernando and DeBacker, Stephen and Kessenich, Paul and Kubena, Angela and LaRose, P. Gavin},
	Date-Added = {2019-07-02 12:01:34 -0600},
	Date-Modified = {2019-07-02 12:01:34 -0600},
	Doi = {10.1080/10511970.2017.1315474},
	Issn = {1935-4053},
	Journal = {PRIMUS},
	Month = {Aug},
	Number = {6},
	Pages = {476--507},
	Publisher = {Informa UK Limited},
	Title = {What is Old is New Again: A Systemic Approach to the Challenges of Calculus Instruction},
	Url = {http://dx.doi.org/10.1080/10511970.2017.1315474},
	Volume = {28},
	Year = {2017},
	Bdsk-Url-1 = {http://dx.doi.org/10.1080/10511970.2017.1315474}}

@article{Andrew_2009,
	Author = {Andrew, Lane},
	Date-Added = {2019-07-02 12:00:42 -0600},
	Date-Modified = {2019-07-02 12:00:42 -0600},
	Doi = {10.1080/10511970701765070},
	Issn = {1935-4053},
	Journal = {PRIMUS},
	Month = {Aug},
	Number = {5},
	Pages = {447--462},
	Publisher = {Informa UK Limited},
	Title = {Creating a Proof Error Evaluation Tool for Use in the Grading of Student-Generated ``Proofs''},
	Url = {http://dx.doi.org/10.1080/10511970701765070},
	Volume = {19},
	Year = {2009},
	Bdsk-Url-1 = {http://dx.doi.org/10.1080/10511970701765070}}

@article{Marotta_2011,
	Author = {Marotta, Sebastian M. and Hargis, Jace},
	Date-Added = {2019-07-02 11:59:25 -0600},
	Date-Modified = {2019-07-02 11:59:25 -0600},
	Doi = {10.1080/10511971003754135},
	Issn = {1935-4053},
	Journal = {PRIMUS},
	Month = {Apr},
	Number = {4},
	Pages = {377--392},
	Publisher = {Informa UK Limited},
	Title = {Low-Threshold Active Teaching Methods for Mathematic Instruction},
	Url = {http://dx.doi.org/10.1080/10511971003754135},
	Volume = {21},
	Year = {2011},
	Bdsk-Url-1 = {http://dx.doi.org/10.1080/10511971003754135}}

@article{Calkins_2019,
	Author = {Calkins, Susanna and Grannan, Sharisse and Siefken, Jason},
	Date-Added = {2019-07-02 11:57:29 -0600},
	Date-Modified = {2019-07-02 11:57:29 -0600},
	Doi = {10.1080/10511970.2019.1608608},
	Issn = {1935-4053},
	Journal = {PRIMUS},
	Month = {Jun},
	Pages = {1--25},
	Publisher = {Informa UK Limited},
	Title = {Using Peer-Assisted Reflection in Math to Foster Critical Thinking and Communication Skills},
	Url = {http://dx.doi.org/10.1080/10511970.2019.1608608},
	Year = {2019},
	Bdsk-Url-1 = {http://dx.doi.org/10.1080/10511970.2019.1608608}}

@article{Zerr_2011,
	Author = {Zerr, Jessica M. and Zerr, Ryan J.},
	Date-Added = {2019-07-02 11:51:06 -0600},
	Date-Modified = {2019-07-02 11:51:06 -0600},
	Doi = {10.1080/10511970903386915},
	Issn = {1935-4053},
	Journal = {PRIMUS},
	Month = {Aug},
	Number = {6},
	Pages = {530--544},
	Publisher = {Informa UK Limited},
	Title = {Learning from Their Mistakes: Using Students' Incorrect Proofs as a Pedagogical Tool},
	Url = {http://dx.doi.org/10.1080/10511970903386915},
	Volume = {21},
	Year = {2011},
	Bdsk-Url-1 = {http://dx.doi.org/10.1080/10511970903386915}}

@article{Selden_2017,
	Author = {Selden, Annie and Selden, John and Benkhalti, Ahmed},
	Date-Added = {2019-07-02 11:46:38 -0600},
	Date-Modified = {2019-07-02 11:46:38 -0600},
	Doi = {10.1080/10511970.2017.1355858},
	Issn = {1935-4053},
	Journal = {PRIMUS},
	Month = {Nov},
	Number = {1},
	Pages = {31--45},
	Publisher = {Informa UK Limited},
	Title = {Proof Frameworks: A Way to Get Started},
	Url = {http://dx.doi.org/10.1080/10511970.2017.1355858},
	Volume = {28},
	Year = {2017},
	Bdsk-Url-1 = {http://dx.doi.org/10.1080/10511970.2017.1355858}}

@article{Strickland_2016,
	Author = {Strickland, S. and Rand, B.},
	Date-Added = {2019-07-02 11:46:06 -0600},
	Date-Modified = {2019-07-02 11:46:06 -0600},
	Doi = {10.1080/10511970.2016.1199615},
	Issn = {1935-4053},
	Journal = {PRIMUS},
	Month = {Jul},
	Number = {10},
	Pages = {905--921},
	Publisher = {Informa UK Limited},
	Title = {A Framework for Identifying and Classifying Undergraduate Student Proof Errors},
	Url = {http://dx.doi.org/10.1080/10511970.2016.1199615},
	Volume = {26},
	Year = {2016},
	Bdsk-Url-1 = {http://dx.doi.org/10.1080/10511970.2016.1199615}}

@article{Jordan_2018,
	Author = {Jordan, Daniel R.},
	Date-Added = {2019-07-02 11:43:43 -0600},
	Date-Modified = {2019-07-02 11:43:43 -0600},
	Doi = {10.1080/10511970.2017.1386747},
	Issn = {1935-4053},
	Journal = {PRIMUS},
	Month = {Mar},
	Number = {2},
	Pages = {111--123},
	Publisher = {Informa UK Limited},
	Title = {Proof-Writing Workshops},
	Url = {http://dx.doi.org/10.1080/10511970.2017.1386747},
	Volume = {29},
	Year = {2018},
	Bdsk-Url-1 = {http://dx.doi.org/10.1080/10511970.2017.1386747}}

@article{dedieu--lovric2018,
	Author = {Lauren DeDieu and Miroslav Lovric},
	Date-Added = {2019-07-02 11:37:11 -0600},
	Date-Modified = {2019-07-02 11:39:47 -0600},
	Doi = {10.1080/10511970.2017.1337659},
	Journal = {PRIMUS},
	Keywords = {Mathematical writing, tertiary education, differential equations, psychological determinants, student beliefs},
	Number = {2},
	Pages = {166-185},
	Title = {Student Perceptions of the Use of Writing in a Differential Equations Course},
	Volume = {28},
	Year = {2018},
	Bdsk-File-1 = {YnBsaXN0MDDSAQIDBFxyZWxhdGl2ZVBhdGhZYWxpYXNEYXRhXxA9Li4vLi4vLi4vRHJvcGJveC9SZWZlcmVuY2VzL1NPVEwvZGVkaWV1LS1sb3ZyaWMyMDE3KHJlYWQpLnBkZk8RAZQAAAAAAZQAAgAADE1hY2ludG9zaCBIRAAAAAAAAAAAAAAAAAAAAAAAAABCRAAB/////xxkZWRpZXUtLWxvdnJpYzIwMTcocmVhZCkucGRmAAAAAAAAAAAAAAAAAAAAAAAAAAAAAAAAAAAAAAAAAAAAAAD/////AAAAAAAAAAAAAAAAAAMABAAACiBjdQAAAAAAAAAAAAAAAAAEU09UTAACAEIvOlVzZXJzOnNtaXRoOkRyb3Bib3g6UmVmZXJlbmNlczpTT1RMOmRlZGlldS0tbG92cmljMjAxNyhyZWFkKS5wZGYADgA6ABwAZABlAGQAaQBlAHUALQAtAGwAbwB2AHIAaQBjADIAMAAxADcAKAByAGUAYQBkACkALgBwAGQAZgAPABoADABNAGEAYwBpAG4AdABvAHMAaAAgAEgARAASAEBVc2Vycy9zbWl0aC9Ecm9wYm94L1JlZmVyZW5jZXMvU09UTC9kZWRpZXUtLWxvdnJpYzIwMTcocmVhZCkucGRmABMAAS8AABUAAgAM//8AAAAIAA0AGgAkAGQAAAAAAAACAQAAAAAAAAAFAAAAAAAAAAAAAAAAAAAB/A==}}
